    @book{Hochbaum:1996:AAN:241938,
    editor = {Hochbaum, Dorit S.},
    title = {Approximation Algorithms for NP-hard Problems},
    year = {1997},
    publisher = {PWS Publishing Co.},
    address = {Boston, MA, USA},
    }

    @misc{Widgerso0:online,
    author = {},
    title = {WidgersonAlgorithm.pdf},
    howpublished = {\url{https://www.ics.uci.edu/~goodrich/teach/graph/notes/WidgersonAlgorithm.pdf}},
    month = {},
    year = {},
    note = {(Accessed on 10/29/2019)}
    }

    @misc{de5fd3ad46:online,
    author = {},
    title = {Fast Approximation Algorithms on Maxcut, k-Coloring
    and k-Color Ordering for VLSI Applications},
    howpublished = {\url{https://pdfs.semanticscholar.org/b4d1/de5fd3ad7e62b1ca1922bb2243d76f08ffe6.pdf}},
    month = {},
    year = {},
    note = {(Accessed on 10/29/2019)}
    }

    @misc{VIIIAppr94:online,
    author = {},
    title = {VIII. Approximation Algorithms: MAX-CUT Problem (Outlook)},
    howpublished = {\url{https://www.cl.cam.ac.uk/teaching/1617/AdvAlgo/maxcut.pdf}},
    month = {},
    year = {},
    note = {(Accessed on 10/29/2019)}
    }
