    @book{books/daglib/0072413,
    author = {Papadimitriou, Christos H.},
    keywords = {complexity computational},
    pages = {I-XV, 1-523},
    publisher = {Addison-Wesley},
    timestamp = {2012-03-20T05:17:53.000+0100},
    title = {Computational complexity.},
    year = 1994
    }
    @book{Garey:1979:CIG:578533,
    author = {Garey, Michael R. and Johnson, David S.},
    title = {Computers and Intractability: A Guide to the Theory of NP-Completeness},
    year = {1979},
    isbn = {0716710447},
    publisher = {W. H. Freeman \& Co.},
    address = {New York, NY, USA},
    }

    @book{papa:COA:31027,
    author = {Papadimitriou, Christos H. and Steiglitz, Kenneth},
    title = {Combinatorial Optimization: Algorithms and Complexity},
    year = {1982},
    isbn = {0-13-152462-3},
    publisher = {Prentice-Hall, Inc.},
    address = {Upper Saddle River, NJ, USA},
    }

    @misc{coNPWiki11:online,
    author = {},
    title = {co-NP - Wikipedia},
    howpublished = {\url{https://en.wikipedia.org/wiki/Co-NP}},
    month = {},
    year = {},
    note = {(Accessed on 09/17/2019)}
    }
